<record><leader>00000cas a22000007a 4500</leader><controlfield tag="001">16096137</controlfield><controlfield tag="008">870627d1906191ualuwr ne      0    0eng d</controlfield><datafield ind1=" " ind2=" " tag="010"><subfield code="a">sn 87050226 </subfield></datafield><datafield ind1=" " ind2=" " tag="040"><subfield code="a">AAR</subfield><subfield code="b">eng</subfield><subfield code="c">AAR</subfield><subfield code="d">CPN</subfield><subfield code="d">OCLCQ</subfield></datafield><datafield ind1=" " ind2=" " tag="042"><subfield code="a">msc</subfield></datafield><datafield ind1="0" ind2="4" tag="245"><subfield code="a">The Walker County news.</subfield></datafield><datafield ind1=" " ind2=" " tag="260"><subfield code="a">Jasper, Ala. :</subfield><subfield code="b">Walker County News Co.,</subfield><subfield code="c">1906-</subfield></datafield><datafield ind1=" " ind2=" " tag="310"><subfield code="a">Weekly,</subfield><subfield code="b">&lt;Aug. 15, 1911-&gt;</subfield></datafield><datafield ind1=" " ind2=" " tag="321"><subfield code="a">Weekly,</subfield><subfield code="b">&lt;Sept. 20, 1906-Sept. 11, 1908&gt;</subfield></datafield><datafield ind1=" " ind2=" " tag="321"><subfield code="a">Semeweekly,</subfield><subfield code="b">&lt;Sept. 15, 1908-Aug. 11, 1911&gt;</subfield></datafield><datafield ind1="0" ind2=" " tag="362"><subfield code="a">Vol. 1, no. 1 (Sept. 20, 1906)-</subfield></datafield><datafield ind1=" " ind2=" " tag="752"><subfield code="a">United States</subfield><subfield code="b">Alabama</subfield><subfield code="c">Walker</subfield><subfield code="d">Jasper.</subfield></datafield></record>